<?xml version="1.0" encoding="UTF-8"?><collection xmlns="http://www.loc.gov/MARC21/slim"><record><leader>00367nam--2200133-i-4500</leader><controlfield tag="001">000026497</controlfield><controlfield tag="002">20161230</controlfield><controlfield tag="005">20161230201036</controlfield><controlfield tag="008">060222s1000------------r-----000-0-eng-d</controlfield><datafield ind1=" " ind2=" " tag="080"><subfield code="a">531.74</subfield></datafield><datafield ind1=" " ind2=" " tag="245"><subfield code="a">Instructiuni 184-63 pt.verificarea sublerelor de trasaj. ed.oficiala</subfield></datafield><datafield ind1=" " ind2=" " tag="260"><subfield code="a">Bucursti, Esip, 1964. 18p</subfield></datafield><datafield ind1=" " ind2=" " tag="490"><subfield code="a">Oficiul De Stat Pt.Metrologie</subfield></datafield><datafield ind1=" " ind2=" " tag="852"><subfield code="a">28135</subfield></datafield></record></collection>